<record><leader>00000cas a22000007a 4500</leader><controlfield tag="001">10509365</controlfield><controlfield tag="008">840312d18451849mauwr ne      0    0eng d</controlfield><datafield ind1=" " ind2=" " tag="010"><subfield code="a">sn 84022625 </subfield></datafield><datafield ind1=" " ind2=" " tag="040"><subfield code="a">NPX</subfield><subfield code="b">eng</subfield><subfield code="c">NPX</subfield><subfield code="d">NPU</subfield><subfield code="d">DLC</subfield><subfield code="d">NVH</subfield><subfield code="d">MGN</subfield><subfield code="d">KRTAS</subfield><subfield code="d">OCLCQ</subfield></datafield><datafield ind1=" " ind2=" " tag="042"><subfield code="a">msc</subfield></datafield><datafield ind1=" " ind2=" " tag="043"><subfield code="a">n-us-ma</subfield></datafield><datafield ind1="0" ind2="0" tag="050"><subfield code="a">Newspaper 8160-X</subfield></datafield><datafield ind1="0" ind2=" " tag="130"><subfield code="a">Boston journal (Boston, Mass. : Weekly)</subfield></datafield><datafield ind1="1" ind2="0" tag="245"><subfield code="a">Boston journal.</subfield></datafield><datafield ind1=" " ind2=" " tag="260"><subfield code="a">Boston [Mass.] :</subfield><subfield code="b">Sleeper &amp; Rogers</subfield></datafield><datafield ind1=" " ind2=" " tag="300"><subfield code="a">v.</subfield></datafield><datafield ind1=" " ind2=" " tag="310"><subfield code="a">Weekly</subfield></datafield><datafield ind1="1" ind2=" " tag="362"><subfield code="a">Began Apr. 5, 1845; ceased in 1849.</subfield></datafield><datafield ind1=" " ind2=" " tag="580"><subfield code="a">Daily ed.: Boston daily journal (Boston, Mass. : 1845).</subfield></datafield><datafield ind1=" " ind2=" " tag="580"><subfield code="a">Semiweekly ed.: Boston journal (Boston, Mass. : Semiweekly).</subfield></datafield><datafield ind1=" " ind2=" " tag="588"><subfield code="a">Description based on: Vol. 13, no. 16 (Aug. 28, 1845).</subfield></datafield><datafield ind1=" " ind2=" " tag="752"><subfield code="a">United States</subfield><subfield code="b">Massachusetts</subfield><subfield code="c">Suffolk</subfield><subfield code="d">Boston.</subfield></datafield><datafield ind1="1" ind2=" " tag="775"><subfield code="t">Boston daily journal (Boston, Mass. : 1845)</subfield><subfield code="w">(DLC)sn8430022618</subfield></datafield><datafield ind1="1" ind2=" " tag="775"><subfield code="t">Boston journal (Boston, Mass. : Semiweekly)</subfield><subfield code="w">(DLC)sn 84022621</subfield></datafield><datafield ind1="0" ind2="0" tag="780"><subfield code="t">Boston mercantile journal (Boston, Mass. : 1837)</subfield><subfield code="w">(DLC)sn 84022624</subfield></datafield><datafield ind1="0" ind2="0" tag="785"><subfield code="t">Boston weekly journal</subfield><subfield code="w">(DLC)sn 84022626</subfield></datafield><datafield ind1=" " ind2=" " tag="938"><subfield code="a">Kirtas Technologies, Inc.</subfield><subfield code="b">KRTS</subfield><subfield code="n">738256</subfield></datafield><datafield ind1="1" ind2=" " tag="029"><subfield code="a">AU@</subfield><subfield code="b">000025817111</subfield></datafield></record>